<record><leader>00000cas a22000007a 4500</leader><controlfield tag="001">13132549</controlfield><controlfield tag="008">860210d1795179upauwr ne      0    0eng d</controlfield><controlfield tag="009">5601</controlfield><datafield ind1=" " ind2=" " tag="010"><subfield code="a">sn 86081420 </subfield></datafield><datafield ind1=" " ind2=" " tag="040"><subfield code="a">NPH</subfield><subfield code="b">eng</subfield><subfield code="c">NPH</subfield><subfield code="d">NPX</subfield><subfield code="d">DLC</subfield><subfield code="d">NPH</subfield></datafield><datafield ind1="1" ind2=" " tag="029"><subfield code="a">AU@</subfield><subfield code="b">000025814955</subfield></datafield><datafield ind1=" " ind2=" " tag="042"><subfield code="a">msc</subfield></datafield><datafield ind1="0" ind2="0" tag="050"><subfield code="a">Newspaper</subfield></datafield><datafield ind1="0" ind2=" " tag="130"><subfield code="a">Telegraphe (Carlisle, Pa.)</subfield></datafield><datafield ind1="0" ind2="4" tag="245"><subfield code="a">The telegraphe.</subfield></datafield><datafield ind1=" " ind2=" " tag="260"><subfield code="a">Carlisle [Pa.] :</subfield><subfield code="b">Printed by Steel &amp; M'Clean,</subfield></datafield><datafield ind1=" " ind2=" " tag="300"><subfield code="a">v. ;</subfield><subfield code="c">45 cm.</subfield></datafield><datafield ind1=" " ind2=" " tag="310"><subfield code="a">Weekly</subfield></datafield><datafield ind1="0" ind2=" " tag="362"><subfield code="a">Vol. 1, no. 1  (Feb. 10, 1795)-</subfield></datafield><datafield ind1=" " ind2=" " tag="500"><subfield code="a">Last issue located: Vol. 2, no. 65 (May 3, 1796). Cf. Brigham, C.S.  Amer. newspapers.</subfield></datafield><datafield ind1="4" ind2=" " tag="510"><subfield code="a">Evans</subfield><subfield code="c">29614</subfield></datafield><datafield ind1="4" ind2=" " tag="510"><subfield code="a">Brigham, C.S.  Amer. newspapers,</subfield><subfield code="c">p. 834</subfield></datafield><datafield ind1="1" ind2=" " tag="700"><subfield code="a">Steel, James.</subfield></datafield><datafield ind1="1" ind2=" " tag="700"><subfield code="a">M'Clean, John S.</subfield></datafield><datafield ind1=" " ind2=" " tag="752"><subfield code="a">United States</subfield><subfield code="b">Pennsylvania</subfield><subfield code="c">Cumberland</subfield><subfield code="d">Carlisle.</subfield></datafield></record>